<?xml version="1.0" encoding="UTF-8"?><collection xmlns="http://www.loc.gov/MARC21/slim"><record><leader>00365nam--2200109-i-4500</leader><controlfield tag="001">000018222</controlfield><controlfield tag="002">20161230</controlfield><controlfield tag="005">20161230201032</controlfield><controlfield tag="008">060222s1000------------r-----000-0-eng-d</controlfield><datafield ind1=" " ind2=" " tag="245"><subfield code="a">Conference internationale sur l utilisation de l energie atomique a des fins pacifiques, geneve, 8-20 aout 1955.programme</subfield></datafield><datafield ind1=" " ind2=" " tag="260"><subfield code="a">Geneve, Nations Unites, 1955. V + 150 P</subfield></datafield><datafield ind1=" " ind2=" " tag="852"><subfield code="a">13697</subfield></datafield></record></collection>